@Article{Milnor,
author = {J. Milnor},
title = {A Unique Decomposition Theorem for 3-Manifolds},
journal = {American Journal of Mathematics},
year = {1962},
volume = {84},
number = {1},
pages = {1-7},
month = {January}
}

@Article{Kneser,
author = {H. Kneser},
title = {Geschlossen Fl\"achen in dreidimensionalen Mannigfaltigkeiten},
journal = {Jahresbericht der Deutschen Mathematiker Vereinigung},
year = {1929},
volume = {38},
pages = {248-260}
}

@Misc{spacetimetravel,
author = {Corvin Zahn},
title = {Flight through a Wormhole},
howpublished = {\\http://www.spacetimetravel.org/wurmlochflug/wurmlochflug.html},
month = {March},
year = {2008}
}

@Misc{CurvedSpaces,
author = {Jeff Weeks},
title = {Curved Spaces},
howpublished = {http://www.geometrygames.org/CurvedSpaces/index.html}
}

@Article{CurvedSpacesPaper,
author = {Jeff Weeks},
title = {Real-time rendering in curved spaces},
journal = {Computer Graphics and Applications},
year = {2012},
volume = {22},
number = {6},
pages = {90-99},
month = {November/December}
}

@Misc{Perelman1,
author = {Grisha Perelman},
title = {The entropy formula for the Ricci flow and its geometric applications},
howpublished = {http://arxiv.org/abs/math.DG/0211159},
month = {November},
year = {2002}
}

@Misc{Perelman2,
author = {Grisha Perelman},
title = {Ricci flow with surgery on three-manifolds},
howpublished = {http://arxiv.org/abs/math.DG/0303109},
month = {March},
year = {2003}
}

@Misc{Perelman3,
author = {Grisha Perelman},
title = {Finite extinction time for the solutions to the Ricci flow on certain three-manifolds},
howpublished = {http://arxiv.org/abs/math.DG/0307245},
month = {July},
year = {2003}
}

@InBook{CharlieGunn,
author = {Charlie Gunn},
title = {Computer Graphics and Mathematics},
chapter = {Visualizing hyperbolic geometry},
publisher = {Springer},
year = {1992},
pages = {299-313}
}

@Misc{NotKnot,
author = {Charlie Gunn and Delle Maxwell},
title = {Not Knot},
year = {1991}
}

@Article{CharlieGunn2,
author = {Mark Phillips and Charlie Gunn},
title = {Visualizing Hyperbolic Space: Unusual Uses of 4x4 Matrices},
journal = {The National Science and Technology Research Center for Computation and Visualization of Geometric Structures (The Geometry Center)},
year = {1991},
pages = {209-214},
month = {December}
}


Charlie Gunn. Discrete groups and visualization of three-dimensional manifolds. In Proceedings of SIGGRAPH '93 (Anaheim, California, August 1-6, 1993), pages 255-262, New York, 1993. ACM SIGGRAPH. Computer Graphics Proceedings, Annual Conference Series, 1993.

@article {JSJ1,
    AUTHOR = {Jaco, William H. and Shalen, Peter B.},
     TITLE = {Seifert fibered spaces in {$3$}-manifolds},
   JOURNAL = {Mem. Amer. Math. Soc.},
  FJOURNAL = {Memoirs of the American Mathematical Society},
    VOLUME = {21},
      YEAR = {1979},
    NUMBER = {220},
     PAGES = {viii+192},
      ISSN = {0065-9266},
     CODEN = {MAMCAU},
   MRCLASS = {57N10},
  MRNUMBER = {539411 (81c:57010)},
MRREVIEWER = {Hugh M. Hilden},
       DOI = {10.1090/memo/0220},
       URL = {http://dx.doi.org/10.1090/memo/0220},
}

@incollection {JSJ2,
    AUTHOR = {Jaco, William and Shalen, Peter B.},
     TITLE = {Seifert fibered spaces in {$3$}-manifolds},
 BOOKTITLE = {Geometric topology ({P}roc. {G}eorgia {T}opology {C}onf.,
              {A}thens, {G}a., 1977)},
     PAGES = {91--99},
 PUBLISHER = {Academic Press},
   ADDRESS = {New York},
      YEAR = {1979},
   MRCLASS = {57N10},
  MRNUMBER = {537728 (80k:57016)},
MRREVIEWER = {Hugh M. Hilden},
}

@incollection {JSJ3,
    AUTHOR = {Jaco, William and Shalen, Peter B.},
     TITLE = {A new decomposition theorem for irreducible sufficiently-large
              {$3$}-manifolds},
 BOOKTITLE = {Algebraic and geometric topology ({P}roc. {S}ympos. {P}ure
              {M}ath., {S}tanford {U}niv., {S}tanford, {C}alif., 1976),
              {P}art 2},
    SERIES = {Proc. Sympos. Pure Math., XXXII},
     PAGES = {71--84},
 PUBLISHER = {Amer. Math. Soc.},
   ADDRESS = {Providence, R.I.},
      YEAR = {1978},
   MRCLASS = {57N10},
  MRNUMBER = {520524 (80j:57008)},
MRREVIEWER = {J. S. Birman},
}

@book {JSJ4,
    AUTHOR = {Johannson, Klaus},
     TITLE = {Homotopy equivalences of {$3$}-manifolds with boundaries},
    SERIES = {Lecture Notes in Mathematics},
    VOLUME = {761},
 PUBLISHER = {Springer},
   ADDRESS = {Berlin},
      YEAR = {1979},
     PAGES = {ii+303},
      ISBN = {3-540-09714-7},
   MRCLASS = {57N10},
  MRNUMBER = {551744 (82c:57005)},
MRREVIEWER = {John Hempel},
}

@Misc{Geometrization1,
author = {John Morgan, Gang Tian},
title = {Completion of the Proof of the Geometrization Conjecture},
howpublished = {http://arxiv.org/abs/0809.4040},
month = {September},
year = {2008}
}

@Misc{Geometrization2,
author = {Bruce Kleiner, John Lott},
title = {Locally Collapsed 3-Manifolds},
howpublished = {http://arxiv.org/abs/1005.5106},
month = {May},
year = {2010}
}

@Misc{Geometrization3,
author = {Jianguo Cao, Jian Ge},
title = {Perelman's collapsing theorem for 3-manifolds},
howpublished = {http://arxiv.org/abs/0908.3229},
month = {Aug},
year = {2009}
}

@Misc{runevision,
author = {Rune Johansen},
title = {Through The Wormhole Portal},
howpublished = {http://runevision.com/3d/anims/\#52},
month = {August},
year = {2003}
}

@Misc{interactive,
author = {Andrew J. Hanson, Tamara Munzner and George Francis},
title = {Interactive Methods for Visualizable Geometry},
howpublished = {http://www.geom.uiuc.edu/docs/research/ieee94/},
month = {September},
year = {1995}
}

@Misc{Geomview,
author = {Stuart Levy, Tamara Munzner and Mark Phillips},
title = {Geomview},
howpublished = {http://www.geomview.org/},
month = {August},
year = {2007},
}

@article {WormholeSolution,
    AUTHOR = {Morris, Michael S. and Thorne, Kip S.},
     TITLE = {Wormholes in spacetime and their use for interstellar travel:
              a tool for teaching general relativity},
   JOURNAL = {Amer. J. Phys.},
  FJOURNAL = {American Journal of Physics},
    VOLUME = {56},
      YEAR = {1988},
    NUMBER = {5},
     PAGES = {395--412},
      ISSN = {0002-9505},
     CODEN = {AJPIAS},
   MRCLASS = {83-01 (83E05)},
  MRNUMBER = {941172 (89d:83001)},
       DOI = {10.1119/1.15620},
       URL = {http://dx.doi.org/10.1119/1.15620},
}
